@inproceedings{park2015reduction,
  title={Reduction of voltage drop and ripple in voltage multipliers},
  author={Park, Se Hyun and Katzir, Liran and Shmilovitz, Doron},
  booktitle={2015 17th European Conference on Power Electronics and Applications (EPE'15 ECCE-Europe)},
  pages={1--7},
  year={2015},
  organization={IEEE}
}
@misc{EEGuide_Voltage_Multiplier,
  author = {{EEEGuides}},
  title = {Voltage Multiplier Circuits},
  url = {https://www.eeeguide.com/voltage-multiplier-circuits/}
}